@article{1903.01182v2,
  author = {Chen, Hao-Yun and Wang, Pei-Hsin and Liu, Chun-Hao and Chang, Shih-Chieh and Pan, Jia-Yu and Chen, Yu-Ting and Wei, Wei and Juan, Da-Cheng},
  eprint = {1903.01182v2},
  month = {Mar},
  title = {Complement Objective Training},
  url = {http://arxiv.org/abs/1903.01182v2},
  year = {2019},
}

@article{1911.07257v1,
  author = {Chen, Hao-Yun and Tsai, Li-Huang and Chang, Shih-Chieh and Pan, Jia-Yu and Chen, Yu-Ting and Wei, Wei and Juan, Da-Cheng},
  eprint = {1911.07257v1},
  month = {Nov},
  title = {Learning with Hierarchical Complement Objective},
  url = {http://arxiv.org/abs/1911.07257v1},
  year = {2019},
}

@article{1904.00887v4,
  author = {Mustafa, Aamir and Khan, Salman and Hayat, Munawar and Goecke, Roland and Shen, Jianbing and Shao, Ling},
  eprint = {1904.00887v4},
  month = {Apr},
  title = {Adversarial Defense by Restricting the Hidden Space of Deep Neural Networks},
  url = {http://arxiv.org/abs/1904.00887v4},
  year = {2019},
}

@article{1903.09799v3,
  author = {Chen, Hao-Yun and Liang, Jhao-Hong and Chang, Shih-Chieh and Pan, Jia-Yu and Chen, Yu-Ting and Wei, Wei and Juan, Da-Cheng},
  eprint = {1903.09799v3},
  month = {Mar},
  title = {Improving Adversarial Robustness via Guided Complement Entropy},
  url = {http://arxiv.org/abs/1903.09799v3},
  year = {2019},
}
